<record><leader>00000cas a2200000 a 4500</leader><controlfield tag="001">12920100</controlfield><controlfield tag="008">851216d19591960azumr ne      0   a0eng c</controlfield><datafield ind1=" " ind2=" " tag="010"><subfield code="a">sn 86091254 </subfield><subfield code="z">sn 00059004 </subfield></datafield><datafield ind1=" " ind2=" " tag="040"><subfield code="a">WIH</subfield><subfield code="b">eng</subfield><subfield code="c">WIH</subfield><subfield code="d">UNP</subfield><subfield code="d">NVM</subfield><subfield code="d">ANN</subfield><subfield code="d">DLC</subfield><subfield code="d">NYS</subfield><subfield code="d">DLC</subfield><subfield code="d">CUV</subfield><subfield code="d">DLC</subfield><subfield code="d">OCLCQ</subfield><subfield code="d">OCLCF</subfield><subfield code="d">OCLCO</subfield><subfield code="d">CRL</subfield></datafield><datafield ind1=" " ind2=" " tag="019"><subfield code="a">7608917</subfield><subfield code="a">41233851</subfield><subfield code="a">226090845</subfield></datafield><datafield ind1="0" ind2=" " tag="022"><subfield code="a">2166-4234</subfield><subfield code="2">1</subfield></datafield><datafield ind1="1" ind2=" " tag="029"><subfield code="a">AU@</subfield><subfield code="b">000021316713</subfield></datafield><datafield ind1=" " ind2=" " tag="042"><subfield code="a">pcc</subfield><subfield code="a">nsdp</subfield></datafield><datafield ind1=" " ind2=" " tag="043"><subfield code="a">n-us-az</subfield></datafield><datafield ind1="0" ind2="0" tag="050"><subfield code="a">Newspaper</subfield></datafield><datafield ind1="1" ind2="0" tag="082"><subfield code="a">305.897</subfield><subfield code="2">14</subfield></datafield><datafield ind1="0" ind2=" " tag="130"><subfield code="a">Navajo times (Window Rock, Ariz. : 1959)</subfield></datafield><datafield ind1=" " ind2="0" tag="222"><subfield code="a">Navajo times</subfield><subfield code="b">(Window Rock, Ariz. : 1959)</subfield></datafield><datafield ind1="1" ind2="4" tag="245"><subfield code="a">The Navajo times.</subfield></datafield><datafield ind1=" " ind2=" " tag="260"><subfield code="a">Window Rock, Ariz. :</subfield><subfield code="b">Education Committee, Navajo Tribe,</subfield><subfield code="c">1959-1960.</subfield></datafield><datafield ind1=" " ind2=" " tag="300"><subfield code="a">v.</subfield></datafield><datafield ind1=" " ind2=" " tag="310"><subfield code="a">Monthly</subfield></datafield><datafield ind1="0" ind2=" " tag="362"><subfield code="a">Vol. 1, no. 1 (Nov. 1959)-v. 1, no. 6 (Apr. 1960).</subfield></datafield><datafield ind1=" " ind2=" " tag="500"><subfield code="a">First publisher publisher: Dillon Platero.</subfield></datafield><datafield ind1=" " ind2=" " tag="500"><subfield code="a">Masthead ill.: Navajo elder at left, title, boy and girl assimilated Navajos at right.</subfield></datafield><datafield ind1=" " ind2=" " tag="500"><subfield code="a">"Voice of Scenic Navajoland."</subfield></datafield><datafield ind1="4" ind2=" " tag="510"><subfield code="a">Danky, J.P. Native American periodicals and newspapers 1828-1982</subfield><subfield code="c">307-309</subfield></datafield><datafield ind1=" " ind2=" " tag="530"><subfield code="a">Available on microfilm from Southwest Micrographic Pub. Co.</subfield></datafield><datafield ind1=" " ind2=" " tag="550"><subfield code="a">A project of the Navajo Tribe Education Committee.</subfield></datafield><datafield ind1=" " ind2=" " tag="580"><subfield code="a">Suspended May-July 1960, then resumed with new numbering as Navajo times (Window Rock, Ariz. : 1960).</subfield></datafield><datafield ind1=" " ind2="0" tag="650"><subfield code="a">Navajo Indians</subfield><subfield code="v">Newspapers.</subfield></datafield><datafield ind1=" " ind2="0" tag="650"><subfield code="a">Indians of North America</subfield><subfield code="z">Arizona</subfield><subfield code="v">Newspapers.</subfield></datafield><datafield ind1=" " ind2="0" tag="651"><subfield code="a">Window Rock (Ariz.)</subfield><subfield code="v">Newspapers.</subfield></datafield><datafield ind1=" " ind2="0" tag="651"><subfield code="a">Apache County (Ariz.)</subfield><subfield code="v">Newspapers.</subfield></datafield><datafield ind1=" " ind2="7" tag="650"><subfield code="a">Indians of North America.</subfield><subfield code="2">fast</subfield><subfield code="0">(OCoLC)fst00969633</subfield></datafield><datafield ind1=" " ind2="7" tag="650"><subfield code="a">Navajo Indians.</subfield><subfield code="2">fast</subfield><subfield code="0">(OCoLC)fst01034799</subfield></datafield><datafield ind1=" " ind2="7" tag="651"><subfield code="a">Arizona.</subfield><subfield code="2">fast</subfield><subfield code="0">(OCoLC)fst01204820</subfield></datafield><datafield ind1=" " ind2="7" tag="651"><subfield code="a">Arizona</subfield><subfield code="z">Apache County.</subfield><subfield code="2">fast</subfield><subfield code="0">(OCoLC)fst01217372</subfield></datafield><datafield ind1=" " ind2="7" tag="651"><subfield code="a">Arizona</subfield><subfield code="z">Window Rock.</subfield><subfield code="2">fast</subfield><subfield code="0">(OCoLC)fst01247418</subfield></datafield><datafield ind1=" " ind2="7" tag="655"><subfield code="a">Newspapers.</subfield><subfield code="2">fast</subfield><subfield code="0">(OCoLC)fst01423814</subfield></datafield><datafield ind1="1" ind2=" " tag="710"><subfield code="a">Navajo Tribe of Arizona, New Mexico &amp; Utah.</subfield><subfield code="b">Education Committee.</subfield></datafield><datafield ind1=" " ind2=" " tag="752"><subfield code="a">United States</subfield><subfield code="b">Arizona</subfield><subfield code="c">Apache</subfield><subfield code="d">Window Rock.</subfield></datafield><datafield ind1="1" ind2=" " tag="776"><subfield code="t">Navajo times</subfield><subfield code="c">(Microfilm)</subfield><subfield code="w">(OCoLC)7608917</subfield></datafield><datafield ind1="1" ind2="0" tag="785"><subfield code="t">Navajo times (Window Rock, Ariz. : 1960)</subfield><subfield code="x">0470-5106</subfield><subfield code="w">(DLC)sn 85047513</subfield><subfield code="w">(OCoLC)1606465</subfield></datafield></record>